<?xml version="1.0" encoding="UTF-8"?><collection xmlns="http://www.loc.gov/MARC21/slim"><record><leader>00504nam--2200181-i-4500</leader><controlfield tag="001">000035002</controlfield><controlfield tag="002">20161230</controlfield><controlfield tag="005">20161230201040</controlfield><controlfield tag="008">060222s1000------------r-----000-0-eng-d</controlfield><datafield ind1=" " ind2=" " tag="040"><subfield code="a">IFIN-HH</subfield></datafield><datafield ind1=" " ind2=" " tag="080"><subfield code="a">544.142.4:544.18</subfield></datafield><datafield ind1="1" ind2=" " tag="100"><subfield code="a">Scheiner, Steve</subfield></datafield><datafield ind1="1" ind2="0" tag="245"><subfield code="a">Hydrogen bonding</subfield><subfield code="b">A theoretical perspective</subfield><subfield code="c">Steve scheiner</subfield></datafield><datafield ind1=" " ind2=" " tag="260"><subfield code="a">New York</subfield><subfield code="b">Oxford University Press</subfield><subfield code="c">1997</subfield></datafield><datafield ind1=" " ind2=" " tag="300"><subfield code="a">375p</subfield></datafield><datafield ind1=" " ind2=" " tag="490"><subfield code="a">Topics In Physical Chemistry</subfield></datafield><datafield ind1=" " ind2=" " tag="852"><subfield code="a">81717</subfield><subfield code="c">541.10</subfield></datafield><datafield ind1=" " ind2=" " tag="CAT"><subfield code="a">Sys</subfield><subfield code="c">20110405</subfield><subfield code="h">153012</subfield></datafield></record></collection>